@BOOK{tanenbaum:2001,
	title = {Modern Operating Systems},
	publisher = {Prentice Hall International},
	year = {2001},
	author = {Andrew S. Tanenbaum}
}
