@ONLINE{mtidw,
	title = {Mensch-Technik-Interaktion für den demografischen Wandel},
	url = {http://www.mtidw.de}
}

@ONLINE{aaldeu,
	title = {Ambient Assisted Living Deutschland},
	url = {http://www.aal-deutschland.de}
}

@ONLINE{crestron,
	title = {Ambient Assisted Living Produkte der Firma Crestron},
	url = {http://nullbarriere.de/nl1224.crestron-aal.htm}
}

@MISC{aalcache,
	author = {Sebastian Flothow},
	year = {2011},
	title = {AAL-Cache}
}

@ONLINE{wiedas,
	title = {WieDAS - Eine AAL-Dienstplattform für verteilte Assistenzsysteme},
	url = {http://www.wiedas.org}
}

@MANUAL{homematic_webui_manual,
	titlte = {HomeMatic WebUI},
	author = {HomeMatic}
}

@ONLINE{homematic_eq3,
	url = {http://www.eq-3.de/homematic.html},
	title = {eQ-3 HomeMatic Zusammenfassung}
}

@ONLINE{homematic_eq3_faq,
	url = {http://www.eq-3.de/faq.html},
	title = {eQ-3 HomeMatic FAQ}
}
